@book{dijkstra,
author = {Cormen, Thomas and Leiserson, Charles and Rivest, Ronald and Stein, Clifford},
year = {2001},
month = {01},
pages = {595â€“601},
title = {Introduction to Algorithms, Second Edition},
isbn = {0-262-03293-7}
}